<?xml version="1.0" encoding="UTF-8"?><collection xmlns="http://www.loc.gov/MARC21/slim"><record><leader>00367nam--2200121-i-4500</leader><controlfield tag="001">000040502</controlfield><controlfield tag="002">20161230</controlfield><controlfield tag="005">20161230201042</controlfield><controlfield tag="008">060222s1000------------r-----000-0-eng-d</controlfield><datafield ind1=" " ind2=" " tag="100"><subfield code="a">Schaefer Klaus</subfield></datafield><datafield ind1=" " ind2=" " tag="245"><subfield code="a">Statistische th.der materie. bd.i:allgemeine grundlagen und anwendungen auf gase</subfield></datafield><datafield ind1=" " ind2=" " tag="260"><subfield code="a">Gottingen, Vandenhoeck &amp; Ruprecht, 1960. Xi + 282 P</subfield></datafield><datafield ind1=" " ind2=" " tag="852"><subfield code="a">16261</subfield></datafield></record></collection>